<?xml version="1.0" encoding="UTF-8"?><collection xmlns="http://www.loc.gov/MARC21/slim"><record><leader>00343nam--2200121-i-4500</leader><controlfield tag="001">000018021</controlfield><controlfield tag="002">20161230</controlfield><controlfield tag="005">20161230201032</controlfield><controlfield tag="008">060222s1000------------r-----000-0-eng-d</controlfield><datafield ind1=" " ind2=" " tag="100"><subfield code="a">Ephraim, Fritz</subfield></datafield><datafield ind1=" " ind2=" " tag="245"><subfield code="a">Inorganic chemistry. 6-th edition revised by thorne,p.c.l., roberts e.r</subfield></datafield><datafield ind1=" " ind2=" " tag="260"><subfield code="a">/Peking/,Fotoprint, 1954. Vi + 956 P</subfield></datafield><datafield ind1=" " ind2=" " tag="852"><subfield code="a">12938</subfield></datafield></record></collection>